<?xml version="1.0" encoding="utf-8"?>
<record xmlns="http://www.loc.gov/MARC21/slim" xmlns:xsi="http://www.w3.org/2001/XMLSchema-instance" xsi:schemaLocation="http://www.loc.gov/MARC21/slim http://www.loc.gov/standards/marcxml/schema/MARC21slim.xsd">
	<leader>     nam a22        4500</leader>
	<controlfield tag="001">2752263</controlfield>
	<controlfield tag="003">NNC</controlfield>
	<controlfield tag="006">m        d        </controlfield>
	<controlfield tag="007">cr cn |||m|||a</controlfield>
	<controlfield tag="008">170607m19689999iq h    o     000 0cara  </controlfield>
	<datafield ind1=" " ind2=" " tag="040">
		<subfield code="a">NNU</subfield>
		<subfield code="b">eng</subfield>
		<subfield code="c">NNU</subfield>
	</datafield>
	<datafield ind1="0" ind2=" " tag="050">
		<subfield code="a">DS51.B3</subfield>
		<subfield code="b">M84</subfield>
	</datafield>
	<datafield ind1="1" ind2=" " tag="100">
		<subfield code="a">Mundhirī, ʻAbd al-ʻAẓīm ibn ʻAbd al-Qawī,</subfield>
		<subfield code="d">1185-1258.</subfield>
	</datafield>
	<datafield ind1="1" ind2="3" tag="245">
		<subfield code="a">al-Takmilah li-Wafayāt al-naqlah</subfield>
		<subfield code="h">[electronic resource] /</subfield>
		<subfield code="c">[ʾAllafahū] Zakī al-Dīn AbūMuḥammad ʻAbd al-ʻAẓīm Ibn ʻAbd al-Qawī al-Mundhirī. Ḥaqqaqahū wa-ʻAllaqa ʻAlayhi Bashshār ʻAwwād Maʻrūf.</subfield>
	</datafield>
	<datafield ind1=" " ind2=" " tag="260">
		<subfield code="a">al-Najaf,</subfield>
		<subfield code="b">Maṭbaʻat al-ʾĀdāb</subfield>
		<subfield code="c">1968-</subfield>
	</datafield>
	<datafield ind1=" " ind2=" " tag="300">
		<subfield code="a">online resource (v.) :</subfield>
		<subfield code="b">facsims.</subfield>
	</datafield>
	<datafield ind1=" " ind2=" " tag="500">
		<subfield code="a">Cover title: at-Takmilah liwafayat an-naqlah; von Zaki ad-Din al-Mundhiri.</subfield>
	</datafield>
	<datafield ind1=" " ind2=" " tag="500">
		<subfield code="a">Part of the Arabic Collections Online (ACO) project, contributed by Columbia University Libraries.</subfield>
	</datafield>
	<datafield ind1="0" ind2=" " tag="505">
		<subfield code="a">Mujallad 1. 582-591 H.- Mujallad 2. 592-599 H.- Mujallad 3. 581-656 H.- Mujallad 4. 609-616 H.</subfield>
	</datafield>
	<datafield ind1=" " ind2=" " tag="533">
		<subfield code="a">Electronic reproduction.</subfield>
		<subfield code="b">New York, N.Y. :</subfield>
		<subfield code="c">New York University,</subfield>
		<subfield code="d">2017.</subfield>
		<subfield code="5">NNU</subfield>
	</datafield>
	<datafield ind1=" " ind2="0" tag="651">
		<subfield code="a">Baghdad (Iraq)</subfield>
		<subfield code="v">Biography.</subfield>
	</datafield>
	<datafield ind1="1" ind2=" " tag="700">
		<subfield code="a">Maʻrūf, Bashshār ʻAwwād,</subfield>
		<subfield code="e">editor.</subfield>
	</datafield>
	<datafield ind1="2" ind2=" " tag="710">
		<subfield code="a">Columbia University.</subfield>
		<subfield code="b">Libraries.</subfield>
	</datafield>
	<datafield ind1="0" ind2=" " tag="730">
		<subfield code="a">Arabic Collections Online.</subfield>
	</datafield>
	<datafield ind1="0" ind2="1" tag="740">
		<subfield code="a">at-Takmilah liwafayat an-naqlah.</subfield>
	</datafield>
	<datafield ind1="0" ind2="8" tag="776">
		<subfield code="i">Print version:</subfield>
		<subfield code="a">Mundhirī, ʻAbd al-ʻAẓīm ibn ʻAbd al-Qawī, 1185-1258.</subfield>
		<subfield code="t">al-Takmilah li-Wafayāt al-naqlah</subfield>
		<subfield code="w">(NNC)2752263</subfield>
		<subfield code="w">(DLC)   79235910 //r</subfield>
	</datafield>
	<datafield ind1="4" ind2="0" tag="856">
		<subfield code="u">http://hdl.handle.net/2333.1/d51c5grf</subfield>
	</datafield>
	<datafield ind1=" " ind2=" " tag="959">
		<subfield code="a">NNU</subfield>
		<subfield code="b">WEB</subfield>
		<subfield code="c">GENI</subfield>
		<subfield code="t">0</subfield>
		<subfield code="m">Electronic access</subfield>
		<subfield code="s">01</subfield>
	</datafield>
	<datafield ind1=" " ind2=" " tag="999">
		<subfield code="i">NNC_2752263</subfield>
		<subfield code="s">columbia_aco002561:v.1</subfield>
		<subfield code="s">columbia_aco002562:v.2</subfield>
		<subfield code="s">columbia_aco002563:v.3</subfield>
		<subfield code="s">columbia_aco002564:v.4</subfield>
		<subfield code="e">(ERROR-880)</subfield>
	</datafield>
</record>
